@online{statista2023,
  author = {Statista},
  title = {Most used programming languages among developers worldwide as of 2023},
  url = {https://www.statista.com/statistics/793628/worldwide-developer-survey-most-used-languages/},
  urldate = {2024-03-30} % Eksempel på adgangsdato
}


@online{sympy,
  title = {SymPy},  
  url = {https://www.sympy.org/en/index.html},
  urldate = {2024-03-30}}

@online{mat1apage,
  title = {Kursus side for Mathematics 1a},
  url = {https://mat1a.compute.dtu.dk/intro.html},
  urldate = {2024-03-30}}

@online{fsharp,
  title = {fsharp.org},
  url = {https://fsharp.org/},
  urldate = {2024-03-30}}

@online{fpe,
  title = {Floating-point error},
  url = {https://en.wikipedia.org/wiki/Floating-point_error_mitigation},
  urldate = {2024-03-30}}

@online{Rational_number,
  title = {Rational Number wikipedia},
  url = {https://en.wikipedia.org/wiki/Rational_number},
  urldate = {2024-03-30}}

@online{gcd,
  title = {Greatest common divisor wikipedia},
  url = {https://en.wikipedia.org/wiki/Greatest_common_divisor},
  urldate = {2024-03-30}}

@online{Polsk_notation,
  title = {Polsk notation wikipedia},
  url = {https://en.wikipedia.org/wiki/Polish_notation}},
  urldate = {2024-03-30}}

@online{tree_algo,
  title = {Tree Traversal Techniques – Data Structure and Algorithm Tutorials},
  url = {https://www.geeksforgeeks.org/tree-traversals-inorder-preorder-and-postorder/},
  urldate = {2024-03-30}}

@book{HansenRischelFSharp,
  author    = {Michael R. Hansen and Hans Rischel},
  title     = {Functional Programming Using F\#},
  publisher = {Cambridge University Press},
  year      = {2013},    
  isbn      = {9781107019027, 1107019028}
}

@book{ML_reason,
    author = {Lawrence C. Paulson},
    title = {ML for the Working Programmer},
    publisher = {Cambridge University Press},
    year      = {1992},
    isbn      = {0521422256}
}

@online{TDD,
  title = {Test-Driven Development},
  url = {https://en.wikipedia.org/wiki/Test-driven_development},
  urldate = {2024-03-31}}

@online{major_order,
  title = {Row- and column-major order},
  url = {https://en.wikipedia.org/wiki/Row-_and_column-major_order},
  urldate = {2024-03-31}}

@online{list_comprehension,
  title = {Python - List Comprehension},
  url = {https://www.w3schools.com/python/python_lists_comprehension.asp},
  urldate = {2024-03-31}}

@online{mat1a,
  title = {Mathematics 1a},
  url = {https://01001.compute.dtu.dk/_assets/enotesvol1.pdf},
  urldate = {2024-02-09}}

@online{mat1b,
  title = {Mathematics 1b - Functions of several variables},
  author = {Ole Christensen og Jakob Lemvig},
  url = {https://01002.compute.dtu.dk/_assets/notesvol2.pdf},
  urldate = {2024-02-09}}

@online{Inverse_function,
  title = {Inverse function},
  url = {https://en.wikipedia.org/wiki/Inverse_function},
  urldate = {2024-05-06}}

@online{convert_expression,
  url = {https://www.geeksforgeeks.org/ convert-infix-expression-to-postfix-expression/},
  title = {Convert Infix expression to Postfix expression},
  urldate = {2024-02-17}}
}

@online{precedens_associativity,
  url = {https://www.geeksforgeeks.org/operator-precedence-and-associativity-in-c/},
  title = {Operator Precedence and Associativity in C},
  urldate = {2024-02-17}}

@online{github_repo,
  title = {Github repository for the project},
  url = {https://github.com/Larsen00/funktionsprogrammeringForIndledendeMatematik},
  urldate = {2024-05-24}}

@online{diff,
  title = {Differentiation Rules},
  url = {https://en.wikipedia.org/wiki/Differentiation_rules},
  urldate = {2024-05-10}}

@online{rank,
  title = {Rank (linear algebra)},
  url = {https://en.wikipedia.org/wiki/Rank_(linear_algebra)#:~:text=The%20column%20rank%20of%20A,row%20rank%20are%20always%20equal.},
  urldate = {2024-05-18}}

@online{python_pop,
  title = {Python: The most popular language},
  url = {https://datascientest.com/en/python-the-most-popular-language#:~:text=Python%20is%20also%20the%20most%20widely%20used%20language%20for%20Data,libraries%20and%20other%20numerical%20algorithms.},
  urldate = {2024-05-19}}

@online{maple,
  title = {Maple},
  url = {https://www.maplesoft.com/products/Maple/},
  urldate = {2024-05-19}}

@online{ruby,
  title = {Ruby},
  url = {https://www.ruby-lang.org/en/},
  urldate = {2024-05-19}}

@online{unit_test,
  title = {Unit Testing},
  url = {https://en.wikipedia.org/wiki/Unit_testing},
  urldate = {2024-05-19}}

@online{lambda_typed,
  title = {Typed lambda calculus},
  url = {https://en.wikipedia.org/wiki/Typed_lambda_calculus},
  urldate = {2024-05-20}}

@online{lambda,
  title = {lambda calculus},
  url = {https://en.wikipedia.org/wiki/Lambda_calculus},
  urldate = {2024-05-20}}

@online{Referential_transparency,
    title = {Referential_transparency},
    url = {https://en.wikipedia.org/wiki/Referential_transparency},
    urldate = {2024-05-22}
}