@misc{statista,
  title = {Most used programming languages among developers worldwide as of 2023},
  howpublished = {\url{https://www.statista.com/statistics/793628/worldwide-developer-survey-most-used-languages/}},
  note = {Bes√∏gt den: \newdate{date}{30}{03}{2024}}
}
