@online{statista2023,
  author = {{Statista}},
  title = {Most used programming languages among developers worldwide as of 2023},
  year = {2023},
  url = {https://www.statista.com/statistics/793628/worldwide-developer-survey-most-used-languages/},
  urldate = {2024-03-30} % Eksempel p√• adgangsdato
}
